@article{development2020Zachary,
author = {Merrill, Zachary and Chambers, April and Cham, Rakié},
title = {Development and validation of body fat prediction models in American adults},
journal = {Obesity Science \& Practice},
volume = {6},
number = {2},
pages = {189-195},
year = {2020}
}

@article{relationship2015Ho,
	author = {Ho-Pham, Lan and Lai, Thai and Nguyen, Mai and Nguyen, Tuan},
	year = {2015},
	month = {05},
	pages = {e0127198},
	title = {Relationship between Body Mass Index and Percent Body Fat in Vietnamese: Implications for the Diagnosis of Obesity},
	volume = {10},
	journal = {PloS one},
	doi = {10.1371/journal.pone.0127198}
}

@article{obesity2016Ortega,
	author = {Ortega, Francisco and Lavie, Carl and Blair, Steven},
	year = {2016},
	month = {05},
	pages = {1752-1770},
	title = {Obesity and Cardiovascular Disease},
	volume = {118},
	journal = {Circulation Research},
	doi = {10.1161/CIRCRESAHA.115.306883}
}

@article{association2013Flegal,
	author = {Flegal, Katherine and Kit, Brian and Orpana, Heather and Graubard, Barry},
	year = {2013},
	month = {01},
	pages = {71-82},
	title = {Association of All-Cause Mortality With Overweight and Obesity Using Standard Body Mass Index CategoriesA Systematic Review and Meta-analysisAll-Cause Mortality Using BMI Categories},
	volume = {309},
	journal = {JAMA : the journal of the American Medical Association},
	doi = {10.1001/jama.2012.113905}
}

@article{anthropometric2016Lizak,
	author = {Lizak-Popiołek, Dorota and Budzowski, Artur and Seń, Mariola and Czarny, Wojciech},
	year = {2016},
	month = {01},
	pages = {124-133},
	title = {Anthropometric measures of body composition used in obesity diagnosis – an overview},
	volume = {51},
	journal = {Hygeia Public Health}
}